@article{blast2007,
  author    = {Dirk Beyer and Thomas A. Henzinger and Ranjit Jhala and Rupak Majumdar},
  title     = {The software model checker {BLAST}},
  subtitle  = {Applications to software engineering},
  journal   = {International Journal on Software Tools for Technology Transfer},
  date      = {2007},
  volume    = {9},
}

@article{blast2008,
  author    = {Dirk Beyer and Thomas A. Henzinger and Ranjit Jhala and Rupak Majumdar},
  title     = {BLAST II},
  journal   = {International Journal on Software Tools for Technology Transfer},
  date      = {2008},
  volume    = {18},
}