@online{endgame,
title={Even Newer Dynamics for General atmospheric modelling of the environment (ENDGame)},
author={{Met Office}},
year={2015},
url={http://www.metoffice.gov.uk/research/areas/dynamics/endgame},
note={ (Accessed 21/10/2015)},
}

@article{HRR93,
author = {Weizhang Huang and Yuhe Ren and Robert D. Russell},
title = {Moving Mesh Methods Based on Moving Mesh Partial Differential Equations},
journal = {Journal of Computational Physics},
volume = 113,
number = 2,
pages = {279 - 290},
year = 1994,
issn = {0021-9991},
doi = {http://dx.doi.org/10.1006/jcph.1994.1135}
}

@article{weller10,
title={Challenges Facing Adaptive Mesh Modeling of the Atmosphere and Ocean},
author={Hilary Weller and Todd Ringler and Matthew Piggott and Nigel Wood},
journal={Bulletin of the American Meteorological Society},
year={2010},
volume={91},
number={1},
pages={105--108},
month={January},
}

@book{committee95,
  title={Aviation Weather Services:: A Call For Federal Leadership and Action},
  author={National Aviation Weather Services Committee, Division on Engineering and Physical Sciences, Commission on Engineering and Technical Systems, National Research Council},
  isbn={9780309053808},
  lccn={95072006},
  year={1995},
  publisher={National Academies Press}
}

@book{inness12,
  title={Operational Weather Forecasting},
  author={Inness, P.M. and Dorling, S.},
  isbn={9781118447635},
  lccn={2012039364},
  series={Advancing Weather and Climate Science},
  year={2012},
  publisher={Wiley}
}

@online{weatherwarn,
title={Ensemble severe weather forecasts},
author={{Met Office}},
year={2014},
url={http://www.metoffice.gov.uk/research/news/weather-warnings},
note={ (Accessed 9/10/2015)},
}

@online{metboscastle,
title={Boscastle Floods - 10 years on},
author={{Met Office}},
year={2014},
url={http://www.metoffice.gov.uk/news/in-depth/Boscastle-10-years},
note={ (Accessed 19/10/2015)},
}

@online{LMSurb,
title={Undergraduate Research Bursaries},
author={Katy Henderson},
year={2015},
url={https://www.lms.ac.uk/grants/undergraduate-research-bursaries},
note={ (Accessed 21/10/2015)},
}

@book{smith96,
title={Numerical solution of partial differential equations: finite difference methods},
author={G. D. Smith},
publisher={Clarendon Press},
address={Reprint. Oxford},
year={1985},
edition={3rd},
isbn={19-859650-2},
note={(1996)}
}
@book{langtangen2006,
  title={Python scripting for computational science},
  author={Langtangen, Hans Petter},
  volume={2},
  year={2006},
  address={Berlin},
  publisher={Springer},
}
@article{HRR94,
title = {Moving Mesh Partial Differential Equations (MMPDES) Based on the Equidistribution Principle},
author = {Huang, Weizhang and Ren, Yuhe and Russell, Robert D.},
journal = {SIAM Journal on Numerical Analysis},
volume = {31},
number = {3},
pages = {pp. 709-730},
ISSN = {00361429},
language = {English},
year = {1994},
publisher = {Society for Industrial and Applied Mathematics},
copyright = {Copyright © 1994 Society for Industrial and Applied Mathematics},
}

@article{lynch2008,
title={The origins of computer weather prediction and climate modeling},
author={Lynch, Peter},
journal={Journal of Computational Physics},
volume={227},
number={7},
pages={3431--3444},
year={2008},
publisher={Elsevier}
}

@book{lynch14,
  title={The Emergence of Numerical Weather Prediction: Richardson's Dream},
  author={Lynch, P.},
  isbn={9781107414839},
  lccn={2007295296},
  year={2014},
  publisher={Cambridge University Press}
}

@proceedings{climathnet15,
  editor={{CliMathNet}}, 
  title = {{CliMathNet Conference 2015}},
  booktitle = {{CliMathNet Conference 2015}},
  address = {University of Bath, Bath, 6-10th July 2015},
  month={6-10th July},
  year = {2015},
}

@online{metcharter,
title={The Royal Charter Gale},
author={{Met Office}},
year={2015},
url={http://www.metoffice.gov.uk/learning/library/archive-hidden-treasures/royal-charter},
note={ (Accessed 18/10/2015)},
}

@online{metensemble,
title={What is an ensemble forecast?},
author={{Met Office}},
year={2014},
url={http://www.metoffice.gov.uk/research/areas/data-assimilation-and-ensembles/ensemble-forecasting/explanation},
note={ (Accessed 18/10/2015)},
}

@article{Liu1995,
author = {Liu Jianchun and Gary A. Pope and Kamy Sepehrnoori},
title = "A high-resolution finite-difference scheme for nonuniform grids ",
journal = "Applied Mathematical Modelling ",
volume = "19",
number = "3",
pages = "162 - 172",
year = "1995",
issn = "0307-904X",
doi = "http://dx.doi.org/10.1016/0307-904X(94)00020-7",
}

@book{2001adaptive,
  title={Adaptive Method of Lines},
  author={A. Vande Wouwer and P. Saucez and W.E. Schiesser},
  isbn={9781420035612},
  lccn={00069347},
  year={2001},
  publisher={CRC Press}
}

@article{garcia2011,
title={Adaptive grid use in air quality modeling},
author={Fernando Garcia-Menendez and Mehmet Talat Odman},
journal={Atmosphere},
volume={2},
number={3},
pages={484--509},
year={2011},
publisher={Molecular Diversity Preservation International}
}

@online{metukv,
title={The UKV model - Kilometre-scale forecasting over the UK with the Unified Model},
author={{Met Office}},
year={2014},
url={http://www.metoffice.gov.uk/research/news/ukv},
note={ (Accessed 17/10/2015)},
}

@online{metmodels,
title={Met Office Numerical Weather Prediction models},
author={{Met Office}},
year={2014},
url={http://www.metoffice.gov.uk/research/modelling-systems/unified-model/weather-forecasting},
note={ (Accessed 17/10/2015)},
}
@article{diagadapt,
title={Adaptive grid use in air quality modeling [diagram]},
author={Fernando Garcia-Menendez and Mehmet Talat Odman},
journal={Atmosphere},
volume={2},
number={3},
pages={489},
year={2011},
publisher={Molecular Diversity Preservation International}
}

@article{white79,
     title = {On Selection of Equidistributing Meshes for Two-Point Boundary-Value Problems},
     author = {White, Andrew B., Jr.},
     journal = {SIAM Journal on Numerical Analysis},
      volume = {16},
     number = {3},
     pages = {pp. 472-502},
     ISSN = {00361429},
     language = {English},
     year = {1979},
     publisher = {Society for Industrial and Applied Mathematics},
     copyright = {Copyright © 1979 Society for Industrial and Applied Mathematics},
    }
    
@inbook{guilbjord02,
  title={Guide to mathematical methods},
  author={Gilbert, John and Jordan, Camilla},
  year={2002},
  publisher={Palgrave Macmillan},
  address={Hampshire},
  pages={244-255},
}

@online{halpern13,
title={Domain decomposition methods},
author={Laurence Halpern},
year={2013},
note={Numerical Analysis course (Hanoi) [online]. Available from: https://www.math.univ-paris13.fr/~halpern/domaindecomposition.pdf [Accessed 06 Mar 2016]},
}

@article{knoll2004,
author = {D.A. Knoll and D.E. Keyes},
title = {Jacobian-free Newton–Krylov methods: a survey of approaches and applications},
journal = {Journal of Computational Physics},
volume = 193,
number = 2,
pages = {357 - 397},
year = 2004,
issn = {0021-9991},
doi = {http://dx.doi.org/10.1016/j.jcp.2003.08.010},
url = {http://www.sciencedirect.com/science/article/pii/S0021999103004340}
}

@online{pykrylov,
author={{S}ci{P}y},
title={scipy.optimize.newton\_krylov},
year=2016,
url={http://docs.scipy.org/doc/scipy/reference/generated/scipy.optimize.newton\_krylov.html\#r160},
note={(Accessed 25/03/2016)},
}

